<collection xmlns="http://www.loc.gov/MARC21/slim"><record><leader>00748nam  2200229   450</leader><controlfield tag="001">636</controlfield><controlfield tag="003">http://montalegre.opacnet.com/OPAC/default.aspx?ContentAreaControl=ShowRegHoldings.ascx&amp;RegNo=16662</controlfield><datafield tag="021" ind1=" " ind2=" "><subfield code="a">PT</subfield><subfield code="b">14255/86</subfield></datafield><datafield tag="095" ind1=" " ind2=" "><subfield code="a">PTBN00039039</subfield></datafield><datafield tag="100" ind1=" " ind2=" "><subfield code="a">19870130d1986    k  y0pora010305  ba</subfield></datafield><datafield tag="101" ind1="0" ind2=" "><subfield code="a">por</subfield></datafield><datafield tag="102" ind1=" " ind2=" "><subfield code="a">PT</subfield></datafield><datafield tag="200" ind1="1" ind2=" "><subfield code="a">História com recadinho</subfield><subfield code="f">Luísa Dacosta</subfield><subfield code="g">il. Karin Somero</subfield></datafield><datafield tag="210" ind1=" " ind2=" "><subfield code="a">Porto</subfield><subfield code="c">Figueirinhas</subfield><subfield code="d">D.L. 1986</subfield></datafield><datafield tag="215" ind1=" " ind2=" "><subfield code="a">52,[2]p.</subfield><subfield code="c">il.</subfield><subfield code="d">30 cm</subfield></datafield><datafield tag="675" ind1=" " ind2=" "><subfield code="a">087.5</subfield><subfield code="v">med</subfield><subfield code="z">por</subfield></datafield><datafield tag="675" ind1=" " ind2=" "><subfield code="a">869.0-34 Dacosta, L.</subfield><subfield code="v">med</subfield><subfield code="z">por</subfield></datafield><datafield tag="700" ind1=" " ind2="1"><subfield code="a">Dacosta</subfield><subfield code="b">Luísa</subfield><subfield code="f">1927-</subfield></datafield><datafield tag="702" ind1=" " ind2="1"><subfield code="a">Somero</subfield><subfield code="b">Karin</subfield><subfield code="4">440</subfield></datafield><datafield tag="801" ind1=" " ind2="0"><subfield code="a">PT</subfield><subfield code="b">Biblioteca Municipal de Montalegre</subfield><subfield code="g">RPC</subfield></datafield><datafield tag="856" ind1=" " ind2=" "><subfield code="u">locateMedia.asp?cod=20060522171635&amp;ext=jpg</subfield><subfield code="z">CAPA</subfield></datafield><datafield tag="909" ind1="&#9;" ind2=" "><subfield code="a">2</subfield></datafield><datafield tag="966" ind1=" " ind2=" "><subfield code="a">0001315</subfield><subfield code="l">BMM</subfield><subfield code="s">SI 82-34 DAC his</subfield></datafield><datafield tag="966" ind1=" " ind2=" "><subfield code="a">0001314</subfield><subfield code="l">BMM</subfield><subfield code="s">SI 82-34 DAC his</subfield></datafield></record></collection>